<?xml version="1.0" encoding="UTF-8" ?>
<collection xmlns:xsi="http://www.w3.org/2001/XMLSchema-instance" xsi:schemaLocation="http://www.loc.gov/MARC21/slim http://www.loc.gov/standards/marcxml/schema/MARC21slim.xsd" xmlns="http://www.loc.gov/MARC21/slim">
   <record>
      <leader>     mam a22      a 4500</leader>
      <controlfield tag="001">1683105</controlfield>
      <controlfield tag="003">NIC</controlfield>
      <controlfield tag="005">20131119174944.0</controlfield>
      <controlfield tag="008">820618s1952    ua       b    000 0 arard</controlfield>
      <datafield tag="010" ind1=" " ind2=" ">
         <subfield code="a">   82167742 </subfield>
      </datafield>
      <datafield tag="035" ind1=" " ind2=" ">
         <subfield code="a">(NIC)notisAHX1310</subfield>
      </datafield>
      <datafield tag="035" ind1=" " ind2=" ">
         <subfield code="a">(OCoLC)17040345</subfield>
      </datafield>
      <datafield tag="035" ind1=" " ind2=" ">
         <subfield code="a">1683105</subfield>
      </datafield>
      <datafield tag="039" ind1="0" ind2=" ">
         <subfield code="a">1</subfield>
         <subfield code="b">2</subfield>
         <subfield code="c">0</subfield>
         <subfield code="d">0</subfield>
         <subfield code="e">1</subfield>
      </datafield>
      <datafield tag="040" ind1=" " ind2=" ">
         <subfield code="d">CStRLIN</subfield>
         <subfield code="d">NIC</subfield>
      </datafield>
      <datafield tag="050" ind1="0" ind2=" ">
         <subfield code="a">MLCM 82/995</subfield>
      </datafield>
      <datafield tag="100" ind1="1" ind2=" ">
         <subfield code="a">Ṭabānah, Badawī Aḥmad.</subfield>
      </datafield>
      <datafield tag="245" ind1="1" ind2="0">
         <subfield code="a">Abū Hilāl al-ʻAskarī wa-maqāyīsuhu al-balāghīyah /</subfield>
         <subfield code="c">taʼlīf Badawī Aḥmad Ṭabānah.</subfield>
      </datafield>
      <datafield tag="260" ind1=" " ind2=" ">
         <subfield code="a">al-Qāhirah :</subfield>
         <subfield code="b">[s.n.],</subfield>
         <subfield code="c">1952</subfield>
         <subfield code="e">(al-Qāhirah :</subfield>
         <subfield code="f">Maṭbaʻat A. Mukhaymar)</subfield>
      </datafield>
      <datafield tag="300" ind1=" " ind2=" ">
         <subfield code="a">223 p. ; 24 cm.</subfield>
      </datafield>
      <datafield tag="504" ind1=" " ind2=" ">
         <subfield code="a">Includes bibliographical references.</subfield>
      </datafield>
      <datafield tag="600" ind1="1" ind2="0">
         <subfield code="a">ʻAskarī, Abū Hilaāl al-Ḥasan ibn ʻAbd Allāh,</subfield>
         <subfield code="d">-1005.</subfield>
      </datafield>
      <datafield tag="650" ind1=" " ind2="0">
         <subfield code="a">Arabic language</subfield>
         <subfield code="x">Rhetoric.</subfield>
      </datafield>
      <datafield tag="903" ind1=" " ind2=" ">
         <subfield code="a">NYUACO</subfield>
         <subfield code="d">20131119</subfield>
         <subfield code="p">31924063150548</subfield>
      </datafield>
      <datafield tag="905" ind1=" " ind2=" ">
         <subfield code="a">19930203120000.0</subfield>
      </datafield>
      <datafield tag="948" ind1="2" ind2=" ">
         <subfield code="a">20100326</subfield>
         <subfield code="b">m</subfield>
         <subfield code="d">batch</subfield>
         <subfield code="e">lts</subfield>
         <subfield code="x">del9XXtxt</subfield>
      </datafield>
      <datafield tag="995" ind1=" " ind2=" ">
         <subfield code="a">Hivolm</subfield>
         <subfield code="d">20100326</subfield>
      </datafield>
      <datafield tag="903" ind1=" " ind2=" ">
         <subfield code="a">NYUACO</subfield>
         <subfield code="d">20140402</subfield>
         <subfield code="p">31924063150548</subfield>
      </datafield>
      <datafield tag="950" ind1=" " ind2=" ">
         <subfield code="a">PJ6161</subfield>
         <subfield code="b">.T13</subfield>
         <subfield code="v"> </subfield>
      </datafield>
   </record>
</collection>
